:20:WYCIECZKA001
:25:PL61109010140000071219812874
:28C:00001/001
:60F:C230101PLN12345,00
:61:2301100101C1500,00NTRFNONREF//BK1001
:86:IMP_ID=1001;EVENT_CODE=WYCIECZKA-2026;CLIENT=Jan Kowalski;BOOKING=BK-1001;PAX=2;DESC=ZALICZKA
:61:2301150101C2000,00NTRFNONREF//BK1002
:86:IMP_ID=1002;EVENT_CODE=FESTYN-2026;CLIENT=Anna Nowak;BOOKING=BK-1002;PAX=4;DESC=PEŁNA_PŁATNOŚĆ
:62F:C230131PLN15845,00
